%% LaTeX2e file `abstract.bib'
%% generated by the `filecontents' environment
%% from source `abstract' on 2016/07/07.
%%
 @article{1,
 title = {Towards Cloud to Device Push Messaging on Android:
 Technologies, Possibilities and Challenges},
 author = {Jarle Hansen, Tor-Morten Gr√∏nli, Gheorghita Ghinea},
 journal = {Int. J. Communications, Network and System Sciences},
 year = {2012},
 month = {May}
},
@article{2,
title = {Google Cloud Messaging (GCM): An Evaluation},
author = {Yavuz Selim, Yilmaz Bahadir Ismail, Aydin Murat Demirbas},
journal = {Globecom 2014 - Symposium on Selected Areas in Communications: GC14 SAC Internet of Things},
},
@article{3,
title = {GCM Service Driven Communication With An Android Application In Cloud Computing},
author = {Naresh Kumar N (M.Tech), Prof. Mohan K},
journal = {International Journal of Engineering Research and Technology},
year = {2013},
month = {May}
},
@article{4,
title = {GCM Service Driven Communication With An Android Application In Cloud Computing},
author = {B.Dhivya, G.Lakshmiprabha, P.Nivethitha},
journal = {International Journal of Emerging Technology and Innovative Engineering},
year = {2015},
month = {March}
},
@misc{5,
title = {Google Cloud Messaging},
author = {https://developers.google.com/cloud-messaging/}
}

